@misc{strubell2019,
      title={Energy and Policy Considerations for Deep Learning in NLP}, 
      author={Emma Strubell and Ananya Ganesh and Andrew McCallum},
      year={2019},
      eprint={1906.02243},
      archivePrefix={arXiv},
      primaryClass={cs.CL},
      url={https://arxiv.org/abs/1906.02243}, 
}

@article{schwartz2020,
author = {Schwartz, Roy and Dodge, Jesse and Smith, Noah A. and Etzioni, Oren},
title = {Green AI},
year = {2020},
issue_date = {December 2020},
publisher = {Association for Computing Machinery},
address = {New York, NY, USA},
volume = {63},
number = {12},
issn = {0001-0782},
url = {https://doi.org/10.1145/3381831},
doi = {10.1145/3381831},
abstract = {Creating efficiency in AI research will decrease its carbon footprint and increase its inclusivity as deep learning study should not require the deepest pockets.},
journal = {Commun. ACM},
month = {nov},
pages = {54–63},
numpages = {10}
}

@article{haakman2021,
author = {Haakman, Mark and Cruz, Luís and Huijgens, Hennie and Deursen, Arie},
year = {2021},
month = {09},
pages = {95},
title = {AI lifecycle models need to be revised},
volume = {26},
journal = {Empirical Software Engineering},
doi = {10.1007/s10664-021-09993-1}
}